@article {SMR:SMR1599,
author = {Concas, Giulio and Lunesu, Maria Ilaria and Marchesi, Michele and Zhang, Hongyu},
title = {Simulation of software maintenance process, with and without a work-in-process limit},
journal = {Journal of Software: Evolution and Process},
volume = {25},
number = {12},
issn = {2047-7481},
url = {http://dx.doi.org/10.1002/smr.1599},
doi = {10.1002/smr.1599},
pages = {1225--1248},
keywords = {software maintenance process, software process simulation, Lean software development, Kanban, empirical software engineering},
year = {2013},
}



